%% This BibTeX bibliography file was created using BibDesk.
%% https://bibdesk.sourceforge.io/

%% Created for Alec Hewitt at 2021-04-19 09:02:16 -0600 


%% Saved with string encoding Unicode (UTF-8) 



@misc{Nobody06,
	author = {Nobody Jr},
	title = {My Article},
	year = {2006}}

@article{scikit-learn,
	author = {Pedregosa, F. and Varoquaux, G. and Gramfort, A. and Michel, V. and Thirion, B. and Grisel, O. and Blondel, M. and Prettenhofer, P. and Weiss, R. and Dubourg, V. and Vanderplas, J. and Passos, A. and Cournapeau, D. and Brucher, M. and Perrot, M. and Duchesnay, E.},
	date-modified = {2021-04-19 08:37:55 -0600},
	journal = {Journal of Machine Learning Research},
	pages = {2825--2830},
	read = {0},
	title = {Scikit-learn: Machine Learning in {P}ython},
	volume = {12},
	year = {2011}}

@misc{gaia-archive,
	journal = {Gaia Archive},
	title = {ConeSearch sorted by distance},
	url = {https://gea.esac.esa.int/archive-help/adql/examples/index.html},
	Bdsk-Url-1 = {https://gea.esac.esa.int/archive-help/adql/examples/index.html}}

@article{ibata_malhan_martin_2019, title={The Streams of the Gaping Abyss: A Population of Entangled Stellar Streams Surrounding the Inner Galaxy}, volume={872}, DOI={10.3847/1538-4357/ab0080}, number={2}, journal={The Astrophysical Journal}, author={Ibata, Rodrigo A. and Malhan, Khyati and Martin, Nicolas F.}, year={2019}, pages={152}}